@article{Reference1,
	Abstract = {MIMESIS},
	Author = {MIMESIS},
	Journal = {MIMESIS},
	Month = {11},
	Number = {},
	Numpages = {},
	Pages = {},
	Title = {ABOUT US},
	Volume = {},
	Url = {https://mimesis.inria.fr/},
	Year = {2020}}
@article{Reference2,
	Abstract = {Simulation des tissus mous à l’aide de méthodes éléments finis non-conformes innovantes},
	Author = {M. Duprez},
	Journal = {MIMESIS},
	Month = {10},
	Number = {},
	Numpages = {},
	Pages = {},
	Title = {Proposition de mini-projet},
	Volume = {},
	Url = {http://mduprez.perso.math.cnrs.fr/Recherches/projet_csmi_m2_2021_phifem.pdf},
	Year = {2020}}
@article{Reference3,
  title={$\phi$-FEM: a finite element method on domains defined by level-sets},
  author={Duprez, Michel and Lozinski, Alexei},
  journal={SIAM Journal on Numerical Analysis},
  volume={58},
  number={2},
  pages={1008--1028},
  year={2020},
  publisher={SIAM}
}
@article{Reference4,
	Abstract = {We extend a fictitious domain-type finite element method, called ϕ-FEM and introduced in arXiv:1903.03703 [math.NA], to the case of Neumann boundary conditions.},
	Author = {M. Duprez and V. Lleras and A. Lozinski},
	Journal = {arXiv},
	Month = {03},
	Number = {},
	Numpages = {},
	Pages = {},
	Title = {phi-FEM, a finite element method on domains defined by level-sets: the Neumann boundary case},
	Volume = {},
	Url = {https://arxiv.org/abs/2003.11733},
	Year = {2020}}
@book{ern2013theory,
  title={Theory and practice of finite elements},
  author={Ern, Alexandre and Guermond, Jean-Luc},
  volume={159},
  year={2013},
  publisher={Springer Science \& Business Media}
}
@book{evans,
  title={Partial Differential Equations},
  author={Lawrence C. Evans},
  volume={},
  year={1998},
  publisher={}
}
@article{swati2019extended,
  title={Extended finite element method (XFEM) analysis of fiber reinforced composites for prediction of micro-crack propagation and delaminations in progressive damage: a review},
  author={Swati, RF and Wen, LH and Elahi, Hassan and Khan, AA and Shad, S},
  journal={Microsystem Technologies},
  volume={25},
  number={3},
  pages={747--763},
  year={2019},
  publisher={Springer}
}
@article{XFEM,
  title={The Extended Finite Element Method},
  author={Thomas-Peter Fries},
  journal={XFEM},
  volume={},
  number={},
  pages={},
  year={n.d.},
  url={http://www.xfem.rwth-aachen.de/Background/Introduction/XFEM_Introduction.php}
}
@article{moes1999finite,
  title={A finite element method for crack growth without remeshing},
  author={Mo{\"e}s, Nicolas and Dolbow, John and Belytschko, Ted},
  journal={International journal for numerical methods in engineering},
  volume={46},
  number={1},
  pages={131--150},
  year={1999},
  publisher={Wiley Online Library}
}
@article{burman2010fictitious,
  title={Fictitious domain finite element methods using cut elements: I. A stabilized Lagrange multiplier method},
  author={Burman, Erik and Hansbo, Peter},
  journal={Computer Methods in Applied Mechanics and Engineering},
  volume={199},
  number={41-44},
  pages={2680--2686},
  year={2010},
  publisher={Elsevier}
}
@article{burman2010ghost,
  title={Ghost penalty},
  author={Burman, Erik},
  journal={Comptes Rendus Mathematique},
  volume={348},
  number={21-22},
  pages={1217--1220},
  year={2010},
  publisher={Elsevier}
}
@phdthesis{bandringa2010immersed,
  title={Immersed boundary methods},
  author={Bandringa, Henry},
  year={2010},
  school={Faculty of Science and Engineering}
}
@article{cyclopedia,
	Abstract = {An Introduction to the Finite Element Method},
	Author = {Cyclopedia},
	Journal = {Cyclopedia},
	Month = {11},
	Number = {},
	Numpages = {},
	Pages = {},
	Title = {The Finite Element Method (FEM)},
	Volume = {},
	Url = {https://www.comsol.fr/multiphysics/finite-element-method},
	Year = {2017}}
@article{atallah2020analysis,
  title={Analysis of the Shifted Boundary Method for the Poisson Problem in General Domains},
  author={Atallah, Nabil M and Canuto, Claudio and Scovazzi, Guglielmo},
  journal={arXiv preprint arXiv:2006.00872},
  year={2020}
}
@article{burman2015cutfem,
  title={CutFEM: discretizing geometry and partial differential equations},
  author={Burman, Erik and Claus, Susanne and Hansbo, Peter and Larson, Mats G and Massing, Andr{\'e}},
  journal={International Journal for Numerical Methods in Engineering},
  volume={104},
  number={7},
  pages={472--501},
  year={2015},
  publisher={Wiley Online Library}
}
@article{de2018delamination,
  title={Delamination buckling and crack propagation simulations in fiber-metal laminates using xFEM and cohesive elements},
  author={De Cicco, Davide and Taheri, Farid},
  journal={Applied Sciences},
  volume={8},
  number={12},
  pages={2440},
  year={2018},
  publisher={Multidisciplinary Digital Publishing Institute}
}